@inproceedings{Sridharan:2012:CTP:2367163.2367191,
 author = {Sridharan, Manu and Dolby, Julian and Chandra, Satish and Sch\"{a}fer, Max and Tip, Frank},
 title = {Correlation Tracking for Points-to Analysis of {J}ava{S}cript},
 booktitle = {Proceedings of the 26th European Conference on Object-Oriented Programming},
 series = {ECOOP'12},
 year = {2012},
 isbn = {978-3-642-31056-0},
 location = {Beijing, China},
 pages = {435--458},
 numpages = {24},
 url = {http://dx.doi.org/10.1007/978-3-642-31057-7_20},
 doi = {10.1007/978-3-642-31057-7_20},
 acmid = {2367191},
 keywords = {call graph construction, javascript, points-to analysis},
}

@misc{LibraryUsage,
    author={W$^3${T}echs},
    title = {W$^3${T}echs web technologies surveys: usage of {J}ava{S}cript libraries for websites},
    year = 2016,
    howpublished = {\url{http://w3techs.com/technologies/overview/javascript_library/all}}
}

@inproceedings{Kashyap:2014:JSA:2635868.2635904,
 author = {Kashyap, Vineeth and Dewey, Kyle and Kuefner, Ethan A. and Wagner, John and Gibbons, Kevin and Sarracino, John and Wiedermann, Ben and Hardekopf, Ben},
 title = {JSAI: A Static Analysis Platform for {J}ava{S}cript},
 booktitle = {Proceedings of the 22Nd ACM SIGSOFT International Symposium on Foundations of Software Engineering},
 series = {FSE 2014},
 year = {2014},
 isbn = {978-1-4503-3056-5},
 location = {Hong Kong, China},
 pages = {121--132},
 numpages = {12},
 url = {http://doi.acm.org/10.1145/2635868.2635904},
 doi = {10.1145/2635868.2635904},
 acmid = {2635904},
 publisher = {ACM},
 address = {New York, NY, USA},
 keywords = {Abstract Interpretation, JavaScript Analysis},
}

@phdthesis{Shivers:1991:CAH:124950,
 author = {Shivers, Olin Grigsby},
 title = {Control-flow Analysis of Higher-order Languages of Taming Lambda},
 year = {1991},
 school = {Carnegie Mellon University},
}

@phdthesis{andersen1994program,
  author={Andersen, Lars Ole},
  title={Program Analysis and Specialization for the C Programming Language},
  year={1994},
  school={University of Copenhagen}
}

@inproceedings{Feldthaus:2013:ECA:2486788.2486887,
 author = {Feldthaus, Asger and Sch\"{a}fer, Max and Sridharan, Manu and Dolby, Julian and Tip, Frank},
 title = {Efficient Construction of Approximate Call Graphs for {J}ava{S}cript IDE Services},
 booktitle = {Proceedings of the 2013 International Conference on Software Engineering},
 series = {ICSE '13},
 year = {2013},
 isbn = {978-1-4673-3076-3},
 location = {San Francisco, CA, USA},
 pages = {752--761},
 numpages = {10},
 url = {http://dl.acm.org/citation.cfm?id=2486788.2486887},
 acmid = {2486887},
 publisher = {IEEE Press},
 address = {Piscataway, NJ, USA},
}

@inproceedings{Wei:2013:PBT:2483760.2483788,
 author = {Wei, Shiyi and Ryder, Barbara G.},
 title = {Practical Blended Taint Analysis for {J}ava{S}cript},
 booktitle = {Proceedings of the 2013 International Symposium on Software Testing and Analysis},
 series = {ISSTA 2013},
 year = {2013},
 isbn = {978-1-4503-2159-4},
 location = {Lugano, Switzerland},
 pages = {336--346},
 numpages = {11},
 url = {http://doi.acm.org/10.1145/2483760.2483788},
 doi = {10.1145/2483760.2483788},
 acmid = {2483788},
 publisher = {ACM},
 address = {New York, NY, USA},
 keywords = {JavaScript, program analysis, taint analysis},
} 

@inproceedings{DBLP:conf/ecoop/WeiR14,
  author    = {Shiyi Wei and
               Barbara G. Ryder},
  title     = {State-Sensitive Points-to Analysis for the Dynamic Behavior of JavaScript
               Objects},
  booktitle = {{ECOOP} 2014 - Object-Oriented Programming - 28th European Conference,
               Uppsala, Sweden, July 28 - August 1, 2014. Proceedings},
  pages     = {1--26},
  year      = {2014},
  url       = {http://dx.doi.org/10.1007/978-3-662-44202-9_1},
  doi       = {10.1007/978-3-662-44202-9_1},
  timestamp = {Thu, 17 Jul 2014 15:57:57 +0200},
  biburl    = {http://dblp.uni-trier.de/rec/bib/conf/ecoop/WeiR14},
  bibsource = {dblp computer science bibliography, http://dblp.org}
}

@inproceedings{Andreasen:2014:DSA:2660193.2660214,
 author = {Andreasen, Esben and M{\o}ller, Anders},
 title = {Determinacy in Static Analysis for j{Q}uery},
 booktitle = {Proceedings of the 2014 ACM International Conference on Object Oriented Programming Systems Languages \& Applications},
 series = {OOPSLA '14},
 year = {2014},
 isbn = {978-1-4503-2585-1},
 location = {Portland, Oregon, USA},
 pages = {17--31},
 numpages = {15},
 url = {http://doi.acm.org/10.1145/2660193.2660214},
 doi = {10.1145/2660193.2660214},
 acmid = {2660214},
 publisher = {ACM},
 address = {New York, NY, USA},
 keywords = {javascript, program analysis},
} 

@inproceedings{DBLP:conf/ecoop/ParkR15,
  author    = {Changhee Park and
               Sukyoung Ryu},
  title     = {Scalable and Precise Static Analysis of {J}ava{S}cript Applications via
               Loop-Sensitivity},
  booktitle = {29th European Conference on Object-Oriented Programming, {ECOOP} 2015,
               July 5-10, 2015, Prague, Czech Republic},
  pages     = {735--756},
  year      = {2015},
  url       = {http://dx.doi.org/10.4230/LIPIcs.ECOOP.2015.735},
  doi       = {10.4230/LIPIcs.ECOOP.2015.735},
  timestamp = {Mon, 29 Jun 2015 15:28:15 +0200},
  biburl    = {http://dblp.uni-trier.de/rec/bib/conf/ecoop/ParkR15},
  bibsource = {dblp computer science bibliography, http://dblp.org}
}

@article{sharir1981two,
  title={Two Approaches to Interprocedural Data Flow Analysis},
  author={Sharir, Micha and Pnueli, Amir},
  journal = {Program Flow Analysis: Theory and Applications},
pages = {189--234},
  year={1981},
  publisher={Prentice-Hall}
}

@inproceedings{Jones:2005:EET:1101908.1101949,
 author = {Jones, James A. and Harrold, Mary Jean},
 title = {Empirical Evaluation of the Tarantula Automatic Fault-localization Technique},
 booktitle = {Proceedings of the 20th IEEE/ACM International Conference on Automated Software Engineering},
 series = {ASE '05},
 year = {2005},
 isbn = {1-58113-993-4},
 location = {Long Beach, CA, USA},
 pages = {273--282},
 numpages = {10},
 url = {http://doi.acm.org/10.1145/1101908.1101949},
 doi = {10.1145/1101908.1101949},
 acmid = {1101949},
 publisher = {ACM},
 address = {New York, NY, USA},
 keywords = {automated debugging, empirical study, fault localization, program analysis},
}

@inproceedings{Tripp:2009:TET:1542476.1542486,
 author = {Tripp, Omer and Pistoia, Marco and Fink, Stephen J. and Sridharan, Manu and Weisman, Omri},
 title = {T{A}{J}: Effective Taint Analysis of Web Applications},
 booktitle = {Proceedings of the 30th ACM SIGPLAN Conference on Programming Language Design and Implementation},
 series = {PLDI '09},
 year = {2009},
 isbn = {978-1-60558-392-1},
 location = {Dublin, Ireland},
 pages = {87--97},
 numpages = {11},
 url = {http://doi.acm.org/10.1145/1542476.1542486},
 doi = {10.1145/1542476.1542486},
 acmid = {1542486},
 publisher = {ACM},
 address = {New York, NY, USA},
 keywords = {java, program analysis, security, slicing, static analysis, taint analysis, web application},
} 

@inproceedings{DBLP:conf/ecoop/WeiR15,
  author    = {Shiyi Wei and
               Barbara G. Ryder},
  title     = {Adaptive Context-sensitive Analysis for {J}ava{S}cript},
  booktitle = {29th European Conference on Object-Oriented Programming, {ECOOP} 2015,
               July 5-10, 2015, Prague, Czech Republic},
  pages     = {712--734},
  year      = {2015},
  url       = {http://dx.doi.org/10.4230/LIPIcs.ECOOP.2015.712},
  doi       = {10.4230/LIPIcs.ECOOP.2015.712},
  timestamp = {Mon, 29 Jun 2015 15:28:15 +0200},
  biburl    = {http://dblp.uni-trier.de/rec/bib/conf/ecoop/WeiR15},
  bibsource = {dblp computer science bibliography, http://dblp.org}
}

@inproceedings{Schafer:2013:DDA:2491956.2462168,
 author = {Sch\"{a}fer, Max and Sridharan, Manu and Dolby, Julian and Tip, Frank},
 title = {Dynamic Determinacy Analysis},
 booktitle = {Proceedings of the 34th ACM SIGPLAN Conference on Programming Language Design and Implementation},
 series = {PLDI '13},
 year = {2013},
 isbn = {978-1-4503-2014-6},
 location = {Seattle, Washington, USA},
 pages = {165--174},
 numpages = {10},
 url = {http://doi.acm.org/10.1145/2491956.2462168},
 doi = {10.1145/2491956.2462168},
 acmid = {2462168},
 publisher = {ACM},
 address = {New York, NY, USA},
 keywords = {dynamic analysis, javascript, static analysis},
} 

@inproceedings{Smaragdakis:2014:IAC:2594291.2594320,
 author = {Smaragdakis, Yannis and Kastrinis, George and Balatsouras, George},
 title = {Introspective Analysis: Context-sensitivity, Across the Board},
 booktitle = {Proceedings of the 35th ACM SIGPLAN Conference on Programming Language Design and Implementation},
 series = {PLDI '14},
 year = {2014},
 isbn = {978-1-4503-2784-8},
 location = {Edinburgh, United Kingdom},
 pages = {485--495},
 numpages = {11},
 url = {http://doi.acm.org/10.1145/2594291.2594320},
 doi = {10.1145/2594291.2594320},
 acmid = {2594320},
 keywords = {context-sensitivity, object-sensitivity, points-to analysis, type-sensitivity},
}

@inproceedings{Sridharan:2006:RCP:1133981.1134027,
 author = {Sridharan, Manu and Bod\'{\i}k, Rastislav},
 title = {Refinement-based Context-sensitive Points-to Analysis for {J}ava},
 booktitle = {Proceedings of the 2006 ACM SIGPLAN Conference on Programming Language Design and Implementation},
 series = {PLDI '06},
 year = {2006},
 isbn = {1-59593-320-4},
 location = {Ottawa, Ontario, Canada},
 pages = {387--400},
 numpages = {14},
 url = {http://doi.acm.org/10.1145/1133981.1134027},
 doi = {10.1145/1133981.1134027},
 acmid = {1134027},
 keywords = {context-sensitive analysis, demand-driven analysis, points-to analysis, refinement},
}

@inproceedings{Guyer:2003:CPA:1760267.1760284,
 author = {Guyer, Samuel Z. and Lin, Calvin},
 title = {Client-driven Pointer Analysis},
 booktitle = {Proceedings of the 10th International Conference on Static Analysis},
 series = {SAS'03},
 year = {2003},
 isbn = {3-540-40325-6},
 location = {San Diego, CA, USA},
 pages = {214--236},
 numpages = {23},
 url = {http://dl.acm.org/citation.cfm?id=1760267.1760284},
 acmid = {1760284},
}

@article{Milanova:2005:POS:1044834.1044835,
 author = {Milanova, Ana and Rountev, Atanas and Ryder, Barbara G.},
 title = {Parameterized Object Sensitivity for Points-to Analysis for {J}ava},
 journal = {ACM Trans. Softw. Eng. Methodol.},
 issue_date = {January 2005},
 volume = {14},
 number = {1},
 month = jan,
 year = {2005},
 issn = {1049-331X},
 pages = {1--41},
 numpages = {41},
 url = {http://doi.acm.org/10.1145/1044834.1044835},
 doi = {10.1145/1044834.1044835},
 acmid = {1044835},
 publisher = {ACM},
 address = {New York, NY, USA},
 keywords = {Static analysis, class analysis, context sensitivity, def-use analysis, points-to analysis, side-effect analysis},
}

@article{Cytron:1991:ECS:115372.115320,
 author = {Cytron, Ron and Ferrante, Jeanne and Rosen, Barry K. and Wegman, Mark N. and Zadeck, F. Kenneth},
 title = {Efficiently Computing Static Single Assignment Form and the Control Dependence Graph},
 journal = {ACM Trans. Program. Lang. Syst.},
 issue_date = {Oct. 1991},
 volume = {13},
 number = {4},
 month = oct,
 year = {1991},
 issn = {0164-0925},
 pages = {451--490},
 numpages = {40},
 url = {http://doi.acm.org/10.1145/115372.115320},
 doi = {10.1145/115372.115320},
 acmid = {115320},
 publisher = {ACM},
 address = {New York, NY, USA},
 keywords = {control dependence, control flow graph, def-use chain, dominator, optimizing compilers},
}